<?xml version="1.0" encoding="UTF-8"?><collection xmlns="http://www.loc.gov/MARC21/slim"><record><leader>00403nam--2200133-i-4500</leader><controlfield tag="001">000031164</controlfield><controlfield tag="002">20161230</controlfield><controlfield tag="005">20161230201038</controlfield><controlfield tag="008">060222s1000------------r-----000-0-eng-d</controlfield><datafield ind1=" " ind2=" " tag="100"><subfield code="a">Loftness, Robert L</subfield></datafield><datafield ind1=" " ind2=" " tag="245"><subfield code="a">Nuclear power plants.design, operating experience and economics</subfield></datafield><datafield ind1=" " ind2=" " tag="260"><subfield code="a">New York, D.Van Nostrand Co.Inc., 1964. Xii+548p</subfield></datafield><datafield ind1=" " ind2=" " tag="490"><subfield code="a">Van Nostrand Nuclear Science Series</subfield></datafield><datafield ind1=" " ind2=" " tag="852"><subfield code="a">20426</subfield></datafield></record></collection>